<?xml version="1.0" encoding="UTF-8"?><collection xmlns="http://www.loc.gov/MARC21/slim"><record><leader>00537nam--2200169-i-4500</leader><controlfield tag="001">000011052</controlfield><controlfield tag="002">20161230</controlfield><controlfield tag="005">20161230201029</controlfield><controlfield tag="008">060222s1000------------r-----000-0-eng-d</controlfield><datafield ind1=" " ind2=" " tag="040"><subfield code="a">IFIN-HH</subfield></datafield><datafield ind1=" " ind2=" " tag="080"><subfield code="a">539.12.162.8(047.1)</subfield></datafield><datafield ind1="1" ind2=" " tag="100"><subfield code="a">Benvenuti, A./S.A.</subfield></datafield><datafield ind1="1" ind2="0" tag="245"><subfield code="a">Invariant mass distributions as evidence for new particle production by high energy antineutrinos</subfield><subfield code="c">A. benvenuti</subfield></datafield><datafield ind1=" " ind2=" " tag="260"><subfield code="a">Cambridge, Massachusetts</subfield><subfield code="b">Harvard University</subfield><subfield code="c">/1976</subfield></datafield><datafield ind1=" " ind2=" " tag="300"><subfield code="a">9 P.+ 4 FIG</subfield></datafield><datafield ind1=" " ind2=" " tag="852"><subfield code="a">42889</subfield><subfield code="c">539.131</subfield></datafield><datafield ind1=" " ind2=" " tag="CAT"><subfield code="a">Sys</subfield><subfield code="c">20120309</subfield><subfield code="h">105646</subfield></datafield></record></collection>